2360 2965
1261 106 1299 166 6

316 272 682 322 declinationis
723 279 846 318 sunt
890 267 1056 331 ἠχέτα
1093 270 1252 332 Orph.
1275 266 1409 332 'Arg'.
1448 271 1595 317 1255.
1618 268 1936 331 ’πολεμιστά
1971 269 2114 317 Lith.v
2146 237 2263 317 305:

314 350 470 402 atque
505 337 646 385 haud
677 338 783 384 scio
831 351 899 382 an
947 336 1130 383 eodem
1169 336 1507 398 referendum
1558 337 1626 383 sit
1669 335 1911 398 εὐρύοπα
1954 334 2257 399 Κρονίδην,

315 405 456 470 quod
490 404 646 466 vulgo
683 402 746 451 ab
782 401 992 466 εὐρύοψ
1029 410 1632 466 ῐοΡοῐηιιῐ,.(]ιιειιιῳιειιη
1663 413 1835 464 neque
1866 402 1964 448 hoc
1991 409 2135 449 extat
2170 417 2260 449 ne·
2327 430 2342 444 -.

315 488 416 538 que
457 472 714 534 genitivus
759 477 850 516 aut
892 469 1126 535 dativus,
1183 468 1328 516 extat
1375 478 1548 518 autem
1586 468 1953 517 ‘nominativus
2000 465 2257 529 εὐρύοπα,

314 555 468 598 quem
505 553 618 585 cum
651 536 908 584 similibus
944 537 1102 586 modo
1138 534 1506 586 Macedonicae
1553 535 1799 594 dialecto,
1845 534 2003 582 modo
2039 535 2259 584 Thessa-

314 608 469 662 licae,
514 601 670 651 modo
705 602 1013 662 Boeoticae‚
1048 602 1208 651 modo
1244 606 1508 652 communi
1542 604 1726 650 harum
1754 603 1985 665 parenti,
2030 601 2256 665 Aeolid&

313 673 596 731 assignant.
1003 729 1074 743 .-
1376 708 1384 713 .

452 747 536 793 De
572 744 873 793 nominibus
909 745 965 792 in
1000 763 1067 805 υρ
1103 745 1414 795 exeuntibus
1449 743 1516 792 ad
1548 743 1683 792 'hanc
1712 741 2140 807 disceptationem
2177 758 2255 791 re-

312 812 606 861 vocandum
631 812 740 859 erit
774 809 993 874 ,μάρτυρ
1031 811 1253 859 Pausan.
1290 813 1380 859 IX.
1417 815 1496 858 29.
1535 814 1579 858 1.
1648 809 1959 863 Κάλλιππος
2004 810 2254 873 μάρτυρα

313 884 555 927 ποιεῖται
591 876 876 943 Ηγησίνου
912 875 979 925 τοὶ
1015 877 1128 940 ἔπη,
1164 880 1209 926 si
1245 878 1546 926 Siebelisius
1580 876 1634 925 id
1671 884 1808 924 recte
1840 879 2106 940 componit
2139 893 2251 924 cum

312 946 476 1008 ἔπηλυ
521 942 702 1008 ὕδωρ,
762 944 855 992 sed
889 944 1344 1007 videtur-'figurate
1372 945 1579 993 'dictum
1617 958 1753 1002 esse,
1804 950 2043 991 te'stem
2091 944 2255 991 facit

313 1037 683 1087 cpopoeam.
754 1022 816 1068 In
854 1013 936 1081 εἶς’)
970 1037 1135 1083 pauca
1170 1031 1386 1080 exeunt,
1434 1016 1506 1068 ea'
1526 1022 1881 1084 potissimum,
1926 1016 2126 1084 [quae‘a
2161 1037 2253 1069 no-

309 1090 454 1136 mine
491 1086 611 1148 χείρ
658 1089 1156 1153 compositasunt„
1191 1087 1374 1150 quibus
1410 1089 1455 1134 si
1485 1091 1865 1150 neutro'opus,
1917 1094 2126 1151 paratus
2176 1096 2253 1134 est
2342 1127 2343 1130 ,

311 1155 506 1201 exitus:
566 1151 882 1215 ἀράξιχειρα
927 1150 1185 1213 τύμπανα
1230 1153 1453 1222 Philipp.
1497 1153 1675 1210 Thess·
1717 1153 1775 1199 in
1816 1152 1976 1215 Anth.
2021 1155 2128 1202 Pal.
2162 1153 2248 1201 VI.

308 1236 359 1268 n.
380 1223 460 1267 94.
497 1219 588 1267 sed
625 1218 766 1282 quod
799 1218 1062 1265 Homerus
1098 1221 1369 1282 usurpavit
1401 1216 1777 1283 ἑκατόγχειρος
1804 1233 1899 1282 pro
1937 1218 2256 1285 ἑκατόγχειρ
2336 1259 2337 1262 ¹

310 1287 564 1333 aeolicum
603 1300 716 1332 esse
753 1281 941 1331 dicitur
969 1283 1145 1347 schol.
1180 1275 1381 1332 DidJn.
1409 1285 1448 1331 Ι.
1466 1288 1580 1330 402.
1649 1283 1749 1332 His
1781 1285 2068 1343 notabilius
2102 1286 2250 1344 illud,

310 1350 450 1415 qu-od
488 1352 782 1414 Stephanus
819 1367 856 1397 s.
893 1345 1086 1412 Βέχειρ
1124 1350 1310 1413 tradit:
1352 1348 1679 1414 χρυσοέθειρ
1715 1345 1847 1414 παρ’Ι
1875 1351 2159 1415 Αρχιλάχῳ
2191 1353 2251 1401 ἐν

309 1418 607 1480 Ιοβάκχοις
643 1417 881 1480 (Fragm.
917 1416 1101 1465 LXXI.
1135 1416 1279 1487 184.)
1313 1414 1458 1481 ὅπερ
1507 1415 1866 1482 συγκέκοπται
1900 1419 1957 1467 ἐκ
1990 1425 2088 1468 τοῦ
2119 1437 2252 1484 χρυ-
2313 1414 2315 1418 ’

308 1483 607 1547 σοέθειρος.
678 1483 791 1529 Imo
828 1497 857 1528 a
892 1484 1221 1530 nominativo
1257 1483 1425 1546 ἔθειρ,
1460 1485 1602 1544 cujus
1634 1486 1941 1537 memoriam
1976 1485 2163 1535 Suidas
2201 1496 2254 1534 et
2332 1490 2334 1493 ’

309 1552 484 1610 Etym.
530 1551 600 1596 M.
646 1565 685 1594 s,
727 1564 776 1594 v.
821 1556 1119 1605 servarunt,
1171 1557 1279 1596 tum
1327 1550 1460 1597 illud
1500 1550 1790 1613 profectum
1833 1559 1913 1598 est
1963 1560 2074 1607 tum
2118 1554 2247 1601 alia:

306 1616 621 1676 όξυέθειρος
656 1613 901 1674 ἀκάνθης
934 1613 1103 1661 Noun.
1126 1613 1241 1661 XX.
1261 1612 1742 1678 25.”χρῦ·σοέθειρα
1774 1612 2024 1666 &rufin
2049 1610 2249 1667 cantico

304 1681 518 1732 I-Ieliod.
549 1681 644 1728 111.
664 1686 709 1728 2.
738 1695 786 1727 v.
817 1679 997 1727 Coi-ais
1035 1684 1179 1741 Σημ.
1216 1696 1264 1743 p.
1286 1684 1398 1728 378.
1441 1681 1758 1744 ὀξυέθειρας
1795 1681 2044 1739 ἀκάνθας
2076 1684 2247 1733 Noun.

304 1750 442 1797 XIV.
464 1752 577 1795 368.
615 1763 644 1794 a
681 1763 783 1809 quo
818 1748 971 1794 facile
1009 1747 1269 1794 discernas
1298 1751 1719 1796 terminationem
1749 1749 1992 1797 feminini
2019 1753 2245 1814 generis:

306 1813 621 1876 λυσιέθειρα
659 1811 825 1877 κούρη
855 1813 1026 1861 Noun.
1061 1812 1204 1860 XIX.
1242 1816 1353 1861 329.
1389 1814 1529 1862 XXI.
1570 1819 1645 1861 7⁷.
1680 1815 1919 1863 XXXIV.
1942 1819 2052 1865 166.
2087 1819 2244 1867 XLV.
2324 1851 2326 1854 -

303 1887 384 1928 48.
431 1881 720 1939 όξυέθειρα
763 1878 917 1940 καρίς
959 1880 1190 1927 Joannes
1239 1881 1422 1942 Ecphr.
1468 1897 1515 1928 v.
1558 1885 1672 1929 454.
1723 1881 2075 1946 καλλιέθειρα,
2113 1885 2242 1948 Ηβη

302 1948 472 1995 Nonn.
502 1947 719 1995 XXVII·
759 1950 898 1993 248.:
956 1942 1210 2005 εύίθειρα
1251 1946 1417 2007 κούρη
1463 1947 1648 1996 Anacr.
1684 1947 1890 2011 Fragm.
1924 1946 2106 2000 XLIV..
2152 1971 2244 2000 τα-

302 2014 563 2074 νυέθειρα
602 2017 812 2074 Σεμελη
851 2012 1000 2059 Pind.
1033 2012 1112 2059 01.
1142 2012 1208 2059 Π.
1229 2016 1310 2059 46.
1372 2011 1596 2067 Θεαντὶς
1628 2015 1992 2077 χρυσοέθειρα
2029 2011 2243 2073 Maxim.

303 2081 368 2128 de
387 2082 548 2127 Elect.
568 2083 647 2125 95.
681 2095 813 2142 quae
849 2079 1040 2138 triplici
1077 2080 1164 2125 via
1205 2078 1432 2145 derivari
1460 2090 1697 2142 possunt,
1729 2083 1813 2128 vel
1849 2082 1916 2131 ad
1944 2086 2240 2147 exemplum

301 2158 677 2222 adJectivorum
729 2158 783 2204 in
839 2173 981 2219 ειρα,
1035 2154 1400 2222 βωτιάνειρα,
1456 2155 1745 2222 εύποὶτειρα
1794 2156 1843 2223 ⁶)
1895 2160 2241 2227 παμμήτειρα

348 2413 393 2461 6)
433 2411 550 2461 Apte
579 2410 723 2463 Etym.
752 2410 816 2452 M.
848 2426 890 2463 p.
910 2413 1006 2453 378.
1040 2410 1124 2453 hoe
1154 2413 1379 2467 componit
1405 2413 1684 2469 simplicibus
1703 2413 1960 2458 verbalibus
1990 2415 2236 2472 γενέτειρα,

431 2476 651 2515 σωιειρα.
705 2462 876 2507 Nomen
916 2467 1143 2519 proprium
1188 2467 1546 2529 Καλλιπάτειρα
1582 2465 1776 2511 raanan.
1814 2469 1870 2510 V.
1900 2474 1942 2512 6.
1969 2471 2138 2513 indicio
2168 2483 2238 2514 est
